<record><leader>00000cas a22000007a 4500</leader><controlfield tag="001">32986519</controlfield><controlfield tag="008">950815c19789999ncuwr n       0   a0eng c</controlfield><datafield ind1=" " ind2=" " tag="010"><subfield code="a">sn 95001980 </subfield></datafield><datafield ind1=" " ind2=" " tag="040"><subfield code="a">NSD</subfield><subfield code="b">eng</subfield><subfield code="c">NSD</subfield><subfield code="d">OCLCQ</subfield></datafield><datafield ind1=" " ind2=" " tag="012"><subfield code="l">1</subfield></datafield><datafield ind1="1" ind2=" " tag="022"><subfield code="a">1084-144X</subfield><subfield code="l">1084-144X</subfield><subfield code="2">1</subfield></datafield><datafield ind1=" " ind2=" " tag="037"><subfield code="b">Seaside Press Co., PO Box 183, Carolina Beach, NC 28428</subfield><subfield code="c">$19.75</subfield></datafield><datafield ind1=" " ind2=" " tag="042"><subfield code="a">nsdp</subfield><subfield code="a">pcc</subfield></datafield><datafield ind1="0" ind2=" " tag="130"><subfield code="a">Island gazette (Carolina Beach, N.C.)</subfield></datafield><datafield ind1=" " ind2="0" tag="222"><subfield code="a">Island gazette</subfield><subfield code="b">(Carolina Beach, N.C.)</subfield></datafield><datafield ind1="1" ind2="0" tag="245"><subfield code="a">Island Gazette.</subfield></datafield><datafield ind1=" " ind2=" " tag="260"><subfield code="a">Carolina Beach, NC :</subfield><subfield code="b">Seaside Press Co.</subfield></datafield><datafield ind1=" " ind2=" " tag="300"><subfield code="a">v.</subfield></datafield><datafield ind1=" " ind2=" " tag="310"><subfield code="a">Weekly</subfield></datafield><datafield ind1="1" ind2=" " tag="362"><subfield code="a">Began in 1978.</subfield></datafield><datafield ind1=" " ind2=" " tag="588"><subfield code="a">Description based on: Vol. 18, no. 25 (June 21, 1995).</subfield></datafield><datafield ind1=" " ind2=" " tag="752"><subfield code="a">United States</subfield><subfield code="b">North Carolina</subfield><subfield code="c">New Hanover</subfield><subfield code="d">Carolina Beach.</subfield></datafield></record>